@manual{inmetro2003,
	Author = {INMETRO},
	Title = {Vocabulário internacional de termos fundamentais e gerais de
	metrologia},
	Year = {2013},
	Address = {Rio de Janeiro, Brasil},
	Pages = {75},
	isbn = {85-87090-90-9},
}

@inproceedings{soviero1997,
	Author = {P. A. O. Soviero and L. G. M. Lavagna},
	Title = {A Numerical Model for Thin Airfoils in Unsteady Motion},
	Year = {1997},
	Pages = {332-340},
	Volume = {19},
	Number = {3},
	Booktitle = {Journal of the Brazilian Societyt Mechanical Sciences},
}

@inproceedings{sparrow1980,
	Author = {E. M. Sparrow},
	Title = {Forced Convection Heat Transfer in a Duct Having Spanwise-Periodic
	Rectangular Protuberances},
	Year = {1980},
	Pages = {149-167},
	Volume = {3},
	Booktitle = {Numerical Heat Transfer},
}

@article{clark1986,
	Author = {J. A. Clark},
	Title = {Private Communication},
	Year = {1986},
	Address = {University of Michigan},
}

@article{arruda2007,
	Author = {M. B. B. Arruda},
	Title = {Como fazer referências: bibliográficas, eletrônicas e demais
	formas de documentos},
	Year = {2007},
	Url = {http://bu.ufsc.br/framerefer.html}
}

@article{plante,
author = {Plante, Thomas and Aldridge, Arianne and Bogdan, Ryan and Hanelin, Cara},
year = {2003},
month = {07},
pages = {495-509},
title = {Might virtual reality promote the mood benefits of exercise?},
volume = {19},
booktitle = {Computers in Human Behavior}
}

@article{mestre,
 author = {Mestre, Daniel R. and Dagonneau, Virginie and Mercier, Charles-Symphorien},
 title = {Does Virtual Reality Enhance Exercise Performance, Enjoyment, and Dissociation? An Exploratory Study on a Stationary Bike Apparatus},
 journal = {Presence: Teleoper. Virtual Environ.},
 issue_date = {February 2011},
 volume = {20},
 number = {1},
 month = feb,
 year = {2011},
 issn = {1054-7460},
 pages = {1--14},
 numpages = {14},
 url = {http://dx.doi.org/10.1162/pres_a_00031},
 doi = {10.1162/pres_a_00031},
 acmid = {2000638},
 publisher = {MIT Press},
 address = {Cambridge, MA, USA},
}

@article{chihak,
author = {Chihak, Benjamin and Plumert, Jodie and J Ziemer, Christine and Babu, Sabarish and Grechkin, Timofey and Cremer, James and K Kearney, Joseph},
year = {2010},
month = {11},
pages = {1535-52},
title = {Synchronizing Self and Object Movement: How Child and Adult Cyclists Intercept Moving Gaps in a Virtual Environment},
volume = {36},
booktitle = {Journal of experimental psychology. Human perception and performance}
}

@article{coimbra1978,
	Author = {D. R. Mestre and V. Dagonneau and C. Mercier},
	Title = {Does Virtual Reality Enhance Exercise Performance, Enjoyment, and Dissociation? An Exploratory Study on a Stationary Bike Apparatus},
	Year = {2011},
	Address = {São Paulo, Brazil},
	Pages = {428},
	Editor = {Edgard Blücher},
}

@inproceedings{bordalo1989,
	Author = {S. N. Bordalo and J. H. Ferziger and S. J. Kline},
	Title = {The Development of Zonal Models for Turbulence},
	Year = {1989},
	Pages = {41-44},
	Booktitle = {Proceedings of the 10th Brazilian Congress of Mechanical
	Engineering},
	Volume = {1},
}

@manual{NBR14724:2011,
	Address = {Rio de Janeiro},
	Date-Added = {2012-12-15 20:34:08 +0000},
	Date-Modified = {2012-12-15 20:35:25 +0000},
	Month = mar,
	Org-Short = {ABNT},
	Organization = {Associa{\c c}\~ao Brasileira de Normas T\'ecnicas},
	Pages = 15,
	Subtitle = {Informa{\c c}\~ao e documenta{\c c}\~ao --- trabalhos acad\^emicos --- apresenta{\c c}\~ao},
	Title = {{NBR} 14724},
	Year = 2011
}

@manual{NBR6034:2000,
	Address = {Rio de Janeiro},
	Org-Short = {ABNT},
	Organization = {Associa{\c c}\~ao Brasileira de Normas T\'ecnicas},
	Subtitle = {Informa{\c c}\~ao e documenta{\c c}\~ao --- Referências},
	Title = {{NBR} 14724},
	Year = 2000
}

@article{langereis2010photoplethysmography,
  title={Photoplethysmography (PPG) system},
  author={Langereis, Geert},
  journal={Version 2},
  year={2010}
}


@article{eletrodermal_1,
 author = {Vigouroux, R.},
 title = {The electrical resistance considered as a clinical sign.},
 journal = {Progres Medicale},
 volume = {3},
 year = {1888},
 pages = {87--89},
 numpages = {3}
}

@article{eletrodermal_2,
 author = {D. Critchley, Hugo and Elliott, Rebecca and Mathias, Christopher J. and Dolan, Raymond J.},
 title = {Neural Activity Relating to Generation and Representation of Galvanic Skin Conductance Responses: A Functional Magnetic Resonance Imaging Study},
 journal = {The Journal of Neuroscience},
 issue_date = {April 2000},
 volume = {20},
 number = {8},
 month = {April},
 year = {2000},
 pages = {3033-3040},
 numpages = {7},
 url = {https://www.researchgate.net/profile/Rebecca_Elliott2/publication/12565836_Neural_activity_relating_to_generation_and_representation_of_galvanic_skin_conductance_responses_A_functional_magnetic_resonance_imaging_study/links/00b4952dd499abb525000000.pdf},
}

@misc{arquitetura,
	title={Programering - Just for programmers},
	url={http://www.programering.com/},
	journal={Programering - Just for programmers}
}

@inproceedings{miranda2015,
  title={Development of simulation interfaces for evaluation task with the use of physiological data and virtual reality applied to a vehicle simulator},
  author={Miranda, Mateus R and Costa, Henrik and Oliveira, Luiz and Bernardes, Thiago and Aguiar, Carla and Miosso, Cristiano and Oliveira, Alessandro BS and Diniz, Alberto CGC and Domingues, Diana Maria G},
  booktitle={SPIE/IS\&T Electronic Imaging},
  pages={939207--939207},
  year={2015},
  organization={International Society for Optics and Photonics}
}

@article{VANDERLEI2009,
   title = {{Noções Básicas de variabilidade da frequência cardíaca e sua aplicabilidade clínica}},
   journal = {{Brazilian Journal of Cardiovascular Surgery}},
   author={Vanderlei, Luiz Carlos Marques AND Pastre, Carlos Marcelo AND Hoshi, Rosângela Akemi AND Carvalho, Tatiana Dias de AND Godoy, Moacir Fernandes de},
   ISSN = {0102-7638},
   language = {pt},
   URL = {http://www.scielo.br/scielo.php?script=sci_arttext&pid=S0102-76382009000200018&nrm=iso},
   volume = {24},
   year = {2009},
   month = {06},
   pages = {205 - 217},
   publisher = {scielo}
   }

@INPROCEEDINGS{abhishek2015,
    author={K. Abhishek and A. K. Saxena and R. K. Sonkar},
    booktitle={2015 IEEE International Conference on Signal Processing, Informatics, Communication and Energy Systems (SPICES)},
    title={Non-invasive measurement of heart rate and hemoglobin concentration level through fingertip},
    year={2015},
    volume={},
    number={},
    pages={1-4},
    keywords={biomedical measurement;blood;mathematics computing;medical signal processing;microcontrollers;patient monitoring;photoplethysmography;MATLAB;analog filter;blood parameter estimation;fingertip;health monitoring purpose;heart rate measurement;hemoglobin concentration level measurement;microcontroller;photoplethysmography technique;Accuracy;Blood;Computers;Heart rate;Monitoring;Pulse measurements;Voltage measurement;Beer Lambert law;Photoplethysmography(PPG);health monitoring;heart rate;hemoglobin concentration},
    doi={10.1109/SPICES.2015.7091549},
    ISSN={},
    month={Feb},
}

@PHDTHESIS {rheesokwoo2000,
    author = "Rhee, Sokwoo",
    title  = "Design and analysis of artifact-resistive finger photoplethysmographic sensors for vital sign monitoring",
    school = "Massachusetts Institute of Technology. Dept. of Mechanical Engineering",
    year   = "2000"
}

@MASTERSTHESIS {rosero,
    author = "Oscar F. G. Rosero",
    title  = "Sistema móvel de monitoramento e treinamento para ciclista com smartphone android",
    school = "Departamento de Engenharia Elétrica, Faculdade de Tecnologia – Universidade de Brasília",
    year   = "2012",
    month  = "feb"
}

@MANUAL {fsr_guide,
    title        = "Force Sensing Resistor Integration Guide and Evaluation Parts Catalog",
    organization = "Interlink Electronics",
    address      = "Camarillo"
}

@MANUAL {siate,
    title        = "Sinais vitais",
    organization = "SIATE – Serviço Integrado de Atendimento ao Trauma em Emergência",
    address      = "Paraná",
    year         = "2015"
}

@article{dekalibro,
  title={Kalibro: Uma ferramenta de con gura{\c{c}}{\~a}o e interpreta{\c{c}}{\~a}o de m{\'e}tricas de c{\'o}digo-fonte},
  author={de Oliveira Filho, Carlos Morais}
}
